@ARTICLE{BA:2009:MSS,
	author = {Tamy Boubekeur and Marc Alexa},
	title = {Mesh Simplification by Stochastic Sampling and Topological Clustering},
	journal = {Computer and Graphics -- Special Issue on IEEE Shape Modeling International 2009},
	year = {2009},
	volume = {33},
	issue = {3},
	pages = {241-249},
}

